@inproceedings{NIPS2017_d5e2c0ad,
 author = {Christiano, Paul F and Leike, Jan and Brown, Tom and Martic, Miljan and Legg, Shane and Amodei, Dario},
 booktitle = {Advances in Neural Information Processing Systems},
 editor = {I. Guyon and U. Von Luxburg and S. Bengio and H. Wallach and R. Fergus and S. Vishwanathan and R. Garnett},
 pages = {},
 publisher = {Curran Associates, Inc.},
 title = {Deep Reinforcement Learning from Human Preferences},
 url = {https://proceedings.neurips.cc/paper_files/paper/2017/file/d5e2c0adad503c91f91df240d0cd4e49-Paper.pdf},
 volume = {30},
 year = {2017}
}

@inproceedings{
kim2023preference,
title={Preference Transformer: Modeling Human Preferences using Transformers for {RL}},
author={Changyeon Kim and Jongjin Park and Jinwoo Shin and Honglak Lee and Pieter Abbeel and Kimin Lee},
booktitle={International Conference on Learning Representations},
year={2023},
url={https://openreview.net/forum?id=Peot1SFDX0}
}

@inproceedings{NEURIPS2023_a85b405e,
 author = {Rafailov, Rafael and Sharma, Archit and Mitchell, Eric and Manning, Christopher D and Ermon, Stefano and Finn, Chelsea},
 booktitle = {Advances in Neural Information Processing Systems},
 editor = {A. Oh and T. Neumann and A. Globerson and K. Saenko and M. Hardt and S. Levine},
 pages = {53728--53741},
 publisher = {Curran Associates, Inc.},
 title = {Direct Preference Optimization: Your Language Model is Secretly a Reward Model},
 url = {https://proceedings.neurips.cc/paper_files/paper/2023/file/a85b405ed65c6477a4fe8302b5e06ce7-Paper-Conference.pdf},
 volume = {36},
 year = {2023}
}

@article{19ff28b9-64f9-3656-ba40-08326a05748e,
 ISSN = {00063444},
 URL = {http://www.jstor.org/stable/2334029},
 author = {Ralph Allan Bradley and Milton E. Terry},
 journal = {Biometrika},
 number = {3/4},
 pages = {324--345},
 publisher = {[Oxford University Press, Biometrika Trust]},
 title = {Rank Analysis of Incomplete Block Designs: I. The Method of Paired Comparisons},
 urldate = {2024-04-20},
 volume = {39},
 year = {1952}
}

@article{koch2015metaanalysis,
 URL = {https://doi.org/10.1037/a0036734},
 author = {Amanda J. Koch, Susan D. D'Mello, and Paul R. Sackett},
 journal = {Journal of Applied Psychology},
 pages = {128â€“161},
 title = {A Meta-Analysis of Gender Stereotypes and Bias in Experimental Simulations of Employment Decision Making},
 urldate = {2024-05-01},
 volume = {100},
 year = {2015}
}